<record><leader>00000cas a22000007a 4500</leader><controlfield tag="001">40218149</controlfield><controlfield tag="008">981102c19969999cauwr ne      0    0eng d</controlfield><datafield ind1=" " ind2=" " tag="010"><subfield code="a">sn 98061928 </subfield></datafield><datafield ind1=" " ind2=" " tag="040"><subfield code="a">CNK</subfield><subfield code="b">eng</subfield><subfield code="c">CNK</subfield><subfield code="d">OCLCQ</subfield><subfield code="d">OCLCF</subfield></datafield><datafield ind1="1" ind2=" " tag="029"><subfield code="a">AU@</subfield><subfield code="b">000024787208</subfield></datafield><datafield ind1=" " ind2=" " tag="042"><subfield code="a">msc</subfield></datafield><datafield ind1="0" ind2="0" tag="245"><subfield code="a">Russian River times.</subfield></datafield><datafield ind1=" " ind2=" " tag="260"><subfield code="a">Guerneville, CA :</subfield><subfield code="b">Roy Watkins</subfield></datafield><datafield ind1=" " ind2=" " tag="300"><subfield code="a">v.</subfield></datafield><datafield ind1=" " ind2=" " tag="310"><subfield code="a">Weekly</subfield></datafield><datafield ind1="0" ind2=" " tag="362"><subfield code="a">Vol. 1, no. 8 (Apr. 15, 1996)-</subfield></datafield><datafield ind1=" " ind2="0" tag="651"><subfield code="a">Russian River Region (Calif.)</subfield><subfield code="v">Newspapers.</subfield></datafield><datafield ind1=" " ind2="7" tag="655"><subfield code="a">Newspapers.</subfield><subfield code="2">fast</subfield><subfield code="0">(OCoLC)fst01423814</subfield></datafield><datafield ind1=" " ind2="7" tag="651"><subfield code="a">California</subfield><subfield code="z">Russian River Region.</subfield><subfield code="2">fast</subfield><subfield code="0">(OCoLC)fst01342924</subfield></datafield><datafield ind1=" " ind2=" " tag="752"><subfield code="a">United States</subfield><subfield code="b">California</subfield><subfield code="c">Sonoma</subfield><subfield code="d">Guerneville.</subfield></datafield><datafield ind1="0" ind2="0" tag="780"><subfield code="t">River area times</subfield><subfield code="w">(DLC)sn 98061927</subfield></datafield></record>